
@misc{heise-django-2011,
  author = {{heise online, Matthias Wessendorf}},
  title  = {{WebSocket: AnnÃ¤herung an Echtzeit im Web }},
  url    = {https://heise.de/-1260189},
  urldate = {2011-06-15},
  year   = {2011},
}

@book{scheurer,
  title={Projektmanagement},
  author={Scheurer, Steffen and Bea, Franz Xaver and Hesselmann, Sabine},
  year={2020},
  publisher={UTB GmbH},
  isbn={9783825287061}
}

